@inproceedings{miller1989designing,
  title={Designing Neural Networks using Genetic Algorithms.},
  author={Miller, Geoffrey F and Todd, Peter M and Hegde, Shailesh U},
  booktitle={ICGA},
  volume={89},
  pages={379--384},
  year={1989}
}

@inproceedings{fogel1966,
  title={Artificial intelligence through simulated evolution},
  author={Fogel, L. J. and Owens, A. J. and Walsh, M. J},
  booktitle={Oxford, England: John Wiley and Sons},
  year={1966}
}

@article{todd1988,
  title={Evolutionary methods for connectionist architectures},
  author={Todd, P. M},
  booktitle={Psychology Department, Stanford University},
  volume={Unpublished manuscript},
  year={1988}
}

@article{stanley2002evolving,
  title={Evolving neural networks through augmenting topologies},
  author={Stanley, Kenneth O and Miikkulainen, Risto},
  journal={Evolutionary computation},
  volume={10},
  number={2},
  pages={99--127},
  year={2002},
  publisher={MIT Press}
}

@inproceedings{bayer2009evolving,
  title={Evolving memory cell structures for sequence learning},
  author={Bayer, Justin and Wierstra, Daan and Togelius, Julian and Schmidhuber, J{\"u}rgen},
  booktitle={International Conference on Artificial Neural Networks},
  pages={755--764},
  year={2009},
  organization={Springer}
}

@article{deb2002fast,
  title={A fast and elitist multiobjective genetic algorithm: NSGA-II},
  author={Deb, Kalyanmoy and Pratap, Amrit and Agarwal, Sameer and Meyarivan, TAMT},
  journal={IEEE transactions on evolutionary computation},
  volume={6},
  number={2},
  pages={182--197},
  year={2002},
  publisher={IEEE}
}

@inproceedings{pugh2013evolving,
  title={Evolving multimodal controllers with HyperNEAT},
  author={Pugh, Justin K and Stanley, Kenneth O},
  booktitle={Proceedings of the 15th annual conference on Genetic and evolutionary computation},
  pages={735--742},
  year={2013},
  organization={ACM}
}

@article{stanley2007compositional,
  title={Compositional pattern producing networks: A novel abstraction of development},
  author={Stanley, Kenneth O},
  journal={Genetic programming and evolvable machines},
  volume={8},
  number={2},
  pages={131--162},
  year={2007},
  publisher={Springer}
}

@article{stanley2009hypercube,
  title={A hypercube-based encoding for evolving large-scale neural networks},
  author={Stanley, Kenneth O and D'Ambrosio, David B and Gauci, Jason},
  journal={Artificial life},
  volume={15},
  number={2},
  pages={185--212},
  year={2009},
  publisher={MIT Press}
}

@inproceedings{jozefowicz2015empirical,
  title={An empirical exploration of recurrent network architectures},
  author={Jozefowicz, Rafal and Zaremba, Wojciech and Sutskever, Ilya},
  booktitle={International Conference on Machine Learning},
  pages={2342--2350},
  year={2015}
}

@article{cho2014learning,
  title={Learning phrase representations using RNN encoder-decoder for statistical machine translation},
  author={Cho, Kyunghyun and Van Merri{\"e}nboer, Bart and Gulcehre, Caglar and Bahdanau, Dzmitry and Bougares, Fethi and Schwenk, Holger and Bengio, Yoshua},
  journal={arXiv preprint arXiv:1406.1078},
  year={2014}
}

@article{real2017large,
  title={Large-scale evolution of image classifiers},
  author={Real, Esteban and Moore, Sherry and Selle, Andrew and Saxena, Saurabh and Suematsu, Yutaka Leon and Tan, Jie and Le, Quoc and Kurakin, Alex},
  journal={arXiv preprint arXiv:1703.01041},
  year={2017}
}

@article{real2018regularized,
  title={Regularized evolution for image classifier architecture search},
  author={Real, Esteban and Aggarwal, Alok and Huang, Yanping and Le, Quoc V},
  journal={arXiv preprint arXiv:1802.01548},
  year={2018}
}

@article{cubuk2018autoaugment,
  title={AutoAugment: Learning Augmentation Policies from Data},
  author={Cubuk, Ekin D and Zoph, Barret and Mane, Dandelion and Vasudevan, Vijay and Le, Quoc V},
  journal={arXiv preprint arXiv:1805.09501},
  year={2018}
}

@article{zoph2017learning,
  title={Learning transferable architectures for scalable image recognition},
  author={Zoph, Barret and Vasudevan, Vijay and Shlens, Jonathon and Le, Quoc V},
  journal={arXiv preprint arXiv:1707.07012},
  volume={2},
  number={6},
  year={2017},
  publisher={Technical Report}
}

@inproceedings{xie2017genetic,
  title={Genetic CNN.},
  author={Xie, Lingxi and Yuille, Alan L},
  booktitle={ICCV},
  pages={1388--1397},
  year={2017}
}

@article{bergstra2012random,
  title={Random search for hyper-parameter optimization},
  author={Bergstra, James and Bengio, Yoshua},
  journal={Journal of Machine Learning Research},
  volume={13},
  number={Feb},
  pages={281--305},
  year={2012}
}

@article{liu2017hierarchical,
  title={Hierarchical representations for efficient architecture search},
  author={Liu, Hanxiao and Simonyan, Karen and Vinyals, Oriol and Fernando, Chrisantha and Kavukcuoglu, Koray},
  journal={arXiv preprint arXiv:1711.00436},
  year={2017}
}